@article{M2018,
  doi       = {10.1016/j.procs.2018.05.050},
  url       = {https://doi.org/10.1016/j.procs.2018.05.050},
  year      = {2018},
  publisher = {Elsevier {BV}},
  volume    = {132},
  pages     = {1351--1362},
  author    = {Hiransha M and Gopalakrishnan E.A. and Vijay Krishna Menon and Soman K.P.},
  title     = {{NSE} Stock Market Prediction Using Deep-Learning Models},
  journal   = {Procedia Computer Science}
}
@inproceedings{Vargas2017,
  doi       = {10.1109/civemsa.2017.7995302},
  url       = {https://doi.org/10.1109/civemsa.2017.7995302},
  year      = {2017},
  month     = jun,
  publisher = {{IEEE}},
  author    = {Manuel R. Vargas and Beatriz S. L. P. de Lima and Alexandre G. Evsukoff},
  title     = {Deep learning for stock market prediction from financial news articles},
  booktitle = {2017 {IEEE} International Conference on Computational Intelligence and Virtual Environments for Measurement Systems and Applications ({CIVEMSA})}
}
@article{Singh2016,
  doi       = {10.1007/s11042-016-4159-7},
  url       = {https://doi.org/10.1007/s11042-016-4159-7},
  year      = {2016},
  month     = dec,
  publisher = {Springer Science and Business Media {LLC}},
  volume    = {76},
  number    = {18},
  pages     = {18569--18584},
  author    = {Ritika Singh and Shashi Srivastava},
  title     = {Stock prediction using deep learning},
  journal   = {Multimedia Tools and Applications}
}
@article{nabipour2020predicting,
  title     = {Predicting Stock Market Trends Using Machine Learning and Deep Learning Algorithms Via Continuous and Binary Data; a Comparative Analysis},
  author    = {Nabipour, Mojtaba and Nayyeri, Pooyan and Jabani, Hamed and Shahab, S and Mosavi, Amir},
  journal   = {IEEE Access},
  volume    = {8},
  pages     = {150199--150212},
  year      = {2020},
  publisher = {IEEE}
}
@inproceedings{Akita2016,
  doi       = {10.1109/icis.2016.7550882},
  url       = {https://doi.org/10.1109/icis.2016.7550882},
  year      = {2016},
  month     = jun,
  publisher = {{IEEE}},
  author    = {Ryo Akita and Akira Yoshihara and Takashi Matsubara and Kuniaki Uehara},
  title     = {Deep learning for stock prediction using numerical and textual information},
  booktitle = {2016 {IEEE}/{ACIS} 15th International Conference on Computer and Information Science ({ICIS})}
}
@article{raghu2020survey,
  title   = {A survey of deep learning for scientific discovery},
  author  = {Raghu, Maithra and Schmidt, Eric},
  journal = {arXiv preprint arXiv:2003.11755},
  year    = {2020}
}
@article{dey2016machine,
  title   = {Machine learning algorithms: a review},
  author  = {Dey, Ayon},
  journal = {International Journal of Computer Science and Information Technologies},
  volume  = {7},
  number  = {3},
  pages   = {1174--1179},
  year    = {2016}
}
@article{deepak2017machine,
  title={Machine learning approach in stock market prediction},
  author={Deepak, Raut Sushrut and Uday, Shinde Isha and Malathi, D},
  journal={International Journal of Pure and Applied Mathematics},
  volume={115},
  number={8},
  pages={71--77},
  year={2017}
}
@article{reddy2018stock,
  title={Stock market prediction using machine learning},
  author={Reddy, V Kranthi Sai},
  journal={International Research Journal of Engineering and Technology (IRJET)},
  volume={5},
  number={10},
  pages={1033--1035},
  year={2018}
}